@String(AAAI = {AAAI})
@String(ACCV  = {ACCV})
@String(ACMMM= {ACM Int. Conf. Multimedia})
@String(BMVC= {Brit. Mach. Vis. Conf.})
@String(CGF  = {Comput. Graph. Forum})
@String(CSVT = {IEEE Trans. Circuit Syst. Video Technol.})
@String(CVM = {Computational Visual Media})
@String(CVPR= {IEEE Conf. Comput. Vis. Pattern Recog.})
@String(CVPRW= {IEEE Conf. Comput. Vis. Pattern Recog. Worksh.})
@String(ECCV= {Eur. Conf. Comput. Vis.})
@String(ICASSP=	{ICASSP})
@String(ICCV= {Int. Conf. Comput. Vis.})
@String(ICIP = {IEEE Int. Conf. Image Process.})
@String(ICLR = {Int. Conf. Learn. Represent.})
@String(ICME = {Int. Conf. Multimedia and Expo})
@String(ICPR = {Int. Conf. Pattern Recog.})
@String(IJCAI = {IJCAI})
@String(IJCV = {Int. J. Comput. Vis.})
@String(JCST  = {J. Comput. Sci. Tech.})
@String(JOV	 = {J. Vis.})
@String(NIPS= {Adv. Neural Inform. Process. Syst.})
@String(PAMI = {IEEE Trans. Pattern Anal. Mach. Intell.})
@String(PR   = {Pattern Recognition})

@String(SPL	= {IEEE Sign. Process. Letters})
@String(TCSVT = {IEEE TCSVT})
@String(TIP  = {IEEE Trans. Image Process.})
@String(TMM  = {IEEE Trans. Multimedia})
@String(TOG= {ACM Trans. Graph.})
@String(TVC  = {The Vis. Comput.})
@String(TVCG  = {IEEE Trans. Vis. Comput. Graph.})
@String(VR   = {Vis. Res.})

@book{szeliski2011computer,
  address     = {London; New York},
  author      = {Szeliski, Richard},
  title       = {Computer vision algorithms and applications},
  url         = {http://dx.doi.org/10.1007/978-1-84882-935-0},
  year        = {2011},
  added-at    = {2012-10-25T12:42:36.000+0200},
  biburl      = {https://www.bibsonomy.org/bibtex/2f58160db2b03916db911241ed09e2685/daill},
  description = {Computer Vision},
  interhash   = {52bc88936329fd66b2af28d393532e40},
  intrahash   = {f58160db2b03916db911241ed09e2685},
  isbn        = {9781848829343 1848829345 9781848829350 1848829353},
  keywords    = {computer vision},
  publisher   = {Springer},
  refid       = {682910466},
  timestamp   = {2012-10-25T12:42:36.000+0200},
}

@inproceedings{colorhistforcbir,
  author    = {Narwade Manoorkar, Jyoti},
  year      = {2009},
  month     = {01},
  pages     = {270-274},
  title     = {Color Histograms for Content-Based Image Retrieval.},
  volume    = {1}
}

@inproceedings{digitalimageprocessing,
  author      = {R. Gonzalez, R. Woods},
  title       = {Digital Image Processing},
  year        = {1992},
  keywords    = {computer vision},
  publisher   = {Addison Wesley},
  pages       = {414-428},
}

@Article{Lowe2004,
  author   = {Lowe, David G.},
  journal  = {International Journal of Computer Vision},
  title    = {Distinctive Image Features from Scale-Invariant Keypoints},
  year     = {2004},
  issn     = {1573-1405},
  month    = {Nov},
  number   = {2},
  pages    = {91-110},
  volume   = {60},
  abstract = {This paper presents a method for extracting distinctive invariant features from images that can be used to perform reliable matching between different views of an object or scene. The features are invariant to image scale and rotation, and are shown to provide robust matching across a substantial range of affine distortion, change in 3D viewpoint, addition of noise, and change in illumination. The features are highly distinctive, in the sense that a single feature can be correctly matched with high probability against a large database of features from many images. This paper also describes an approach to using these features for object recognition. The recognition proceeds by matching individual features to a database of features from known objects using a fast nearest-neighbor algorithm, followed by a Hough transform to identify clusters belonging to a single object, and finally performing verification through least-squares solution for consistent pose parameters. This approach to recognition can robustly identify objects among clutter and occlusion while achieving near real-time performance.},
  day      = {01},
  doi      = {10.1023/B:VISI.0000029664.99615.94},
  url      = {https://doi.org/10.1023/B:VISI.0000029664.99615.94},
}

@InProceedings{krizhevsky2012imagenet,
  author    = {Krizhevsky, Alex and Sutskever, Ilya and Hinton, Geoffrey E.},
  booktitle = {Advances in Neural Information Processing Systems (NeurIPS)},
  title     = {ImageNet Classification with Deep Convolutional Neural Networks},
  year      = {2012},
}

@Misc{microsoft_msrc,
  month     = {Jan},
  title     = {Image Understanding},
  year      = {2000},
  journal   = {Microsoft},
  publisher = {Microsoft},
  url       = {https://www.microsoft.com/en-us/research/project/image-understanding/},
}

@Comment{jabref-meta: databaseType:bibtex;}
